@unpublished{kea-aai-2024,
    author = "Henrik Strøm",
    title = "Applied Artificial Intelligence - Spring 2024",
    note = "Lecture x: x",
    url = "https://keaorg.gitlab.io/kea-aai-2024-1/index.html"
}

@online{website,
    title = {title},
    author = {author},
    url = {https://url.here},
    year = {xxxx},
    month = {x},
}

@online{emotions-dataset,
    title = {Emotions Dataset},
    author = {Nidula Elgiriyewithana},
    url = {https://www.kaggle.com/datasets/nelgiriyewithana/emotions/data},
    year = {2024},
    month = {1},
}

@article{tf-idf-analysis,
    title = {An Introduction to Information Retrieval},
    authors = {Christopher D. Manning, Prabhakar Raghavan, Hinrich Schütze},
    journal = {Cambridge University Press},
    url = {https://nlp.stanford.edu/IR-book/pdf/irbookonlinereading.pdf},
    year = {2009},
}

@article{logistic-regression,
    author = {Daniel Jurafsky \& James H. Martin},
    title = {Speech and Language Processing - N-gram Language Models},
    url = {https://web.stanford.edu/~jurafsky/slp3/3.pdf},
    year = {2024},
    month = {2}
}

@article{decistion-tree,
    author = {Richard Socher, Alex Perelygin and others},
    title = {Recursive Deep Models for Semantic Compositionality Over a Sentiment Treebank},
    url = {https://aclanthology.org/D13-1170.pdf},
    journal = {Stanford University},
    year = {2013}
}

@article{sequential-model,
    author = {Tom Young, Devamanyu Hazarika and others},
    title = {Recent Trends in Deep Learning Based Natural Language Processing},
    url = {https://arxiv.org/pdf/1708.02709},
    year = {2018},
    month = {11}
}